\bibitem[Maybeck(1979)]{kalman}
  P. Maybeck, ``Stochastic Models, Estimation and Control", Volume 1, Academic Press, New York, 1979

\bibitem[Dellaert, Fox, Burgard, and Thrun(1999)]{MCL}
  F. Dellaert, D. Fox, W. Burgard and S. Thrun, ``Monte Carlo localization for mobile robots," Proceedings 1999 IEEE International Conference on Robotics and Automation (Cat. No.99CH36288C), Detroit, MI, USA, 1999, pp. 1322-1328 Volume 2, doi: 10.1109/ROBOT.1999.772544

\bibitem[Thrun(2002)]{Thrun02d}
  Thrun, S., Particle Filters in Robotics, Proceedings of the 17th Annual Conference on Uncertainty in AI (UAI), 2002

\bibitem[Thrun, Burgard, and Fox(2005)]{bible}
  Sebastian Thrun, Wolfram Burgard, and Dieter Fox, ``Probabilistic Robotics" (Intelligent Robotics and Autonomous Agents), The MIT Press, 2005

\bibitem[Jensfelt and Kristensen(2001)]{active_patric}
P. Jensfelt and S. Kristensen, ``Active global localization for a mobile robot using multiple hypothesis tracking", in IEEE Transactions on Robotics and Automation, vol. 17, no. 5, pp. 748-760, Oct. 2001.
doi: 10.1109/70.964673

\bibitem[Se, Lowe, and Little(2001)]{se}
S. Se, D. Lowe and J. Little, ``Local and global localization for mobile robots using visual landmarks", Proceedings 2001 IEEE/RSJ International Conference on Intelligent Robots and Systems. Expanding the Societal Role of Robotics in the the Next Millennium (Cat. No.01CH37180), Maui, HI, USA, 2001, pp. 414-420 vol.1.
doi: 10.1109/IROS.2001.973392

\bibitem[Gasparri, Panzieri, Pascucci, Ulivi(2007)]{active_it}
A. Gasparri, S. Panzieri, F. Pascucci and G. Ulivi, ``A Hybrid Active Global Localisation Algorithm for Mobile Robots", Proceedings 2007 IEEE International Conference on Robotics and Automation, Roma, 2007, pp. 3148-3153.
doi: 10.1109/ROBOT.2007.363958

\bibitem[Zhu, Zheng, and Yuan(2011)]{zhu}
  Zhu, J., Zheng, N., and Yuan, Z., ``An Improved Technique for Robot Global Localization in Indoor Environments", International Journal of Advanced Robotic Systems, 2011, https://doi.org/10.5772/10525

\bibitem[Kumagai, Ueda, Sugai, Nozawa, Kakiuchi, Okada, and Inaba(2016)]{dm}
  Kumagai, I., Ueda, R., Sugai, F., Nozawa, S., Kakiuchi, Y., Okada, K., and Inaba, M. (2016). Achievement of localization system for humanoid robots with virtual horizontal scan relative to improved odometry fusing internal sensors and visual information. 2016 IEEE/RSJ International Conference on Intelligent Robots and Systems (IROS). doi:10.1109/iros.2016.7759124

\bibitem[R\"owek\"amper, Sprunk, Tipaldi, Stachniss, Pfaff and Burgard(2012)]{on_the_pos_acc}
  J. R\"owek\"amper, C. Sprunk, G. D. Tipaldi, C. Stachniss, P. Pfaff and W. Burgard, ``On the position accuracy of mobile robot localization based on particle filters combined with scan matching", 2012 IEEE/RSJ International Conference on Intelligent Robots and Systems, Vilamoura, 2012, pp. 3158-3164,  doi: 10.1109/IROS.2012.6385988

\bibitem[Vasiljevic, Miklic, Draganjac, Kovacic and Lista(2016)]{paid_original}
  Vasiljevic, G., Miklic, D., Draganjac, I., Kovacic, Z., and Lista, P. ``High-accuracy vehicle localization for autonomous warehousing", Technical Report, 2016

\bibitem[Fox(2003)]{KLD}
  Fox, D. ``Adapting the Sample Size in Particle Filters Through KLD-Sampling". The International Journal of Robotics Research, 22(12), 2003, pp. 985–1003, https://doi.org/10.1177/0278364903022012001

%%%%%%%%%%%%%%%%%%%%%%%%%%%%%%%%%%%%%%%%%%%%%%%%%%%%%%%%%%%%%%%%%%%%%%%%%%%%%%%%
% BIBLIOGRAPHY CONCERNING SCAN-MATCHING METHODS IN PRELIMINARIES
%%%%%%%%%%%%%%%%%%%%%%%%%%%%%%%%%%%%%%%%%%%%%%%%%%%%%%%%%%%%%%%%%%%%%%%%%%%%%%%%

\bibitem[Besl and McKay(1992)]{ICP}
  P. J. Besl and N. D. McKay, ``A method for registration of 3-D shapes", IEEE Transactions on Pattern Analysis and Machine Intelligence, 1992, volume 14, number 2, pp. 239-256, doi 10.1109/34.121791, ISSN 0162-8828

\bibitem[Minguez, Lamiraux and Montesano(2005)]{mbicp}
  J. Minguez, F. Lamiraux and L. Montesano, ``Metric-Based Scan Matching Algorithms for Mobile Robot Displacement Estimation," Proceedings of the 2005 IEEE International Conference on Robotics and Automation, Barcelona, Spain, 2005, pp. 3557-3563,  doi: 10.1109/ROBOT.2005.1570661

\bibitem[Censi(2008)]{plicp}
  A. Censi, ``An ICP variant using a point-to-line metric," 2008 IEEE International Conference on Robotics and Automation, Pasadena, CA, 2008, pp. 19-25,  doi: 10.1109/ROBOT.2008.4543181

\bibitem[Cooper, Raquet, and Patton(2018)]{lidar}
Cooper, M.A.; Raquet, J.F.; Patton, R. Range Information Characterization of the Hokuyo UST-20LX LIDAR Sensor. Photonics 2018, 5, 12.

\bibitem[Park and Park(2014)]{park}
Park, S., Park, S. ``Global localization for mobile robots using reference scan matching". Int. J. Control Autom. Syst. 12, 156–168 (2014). https://doi.org/10.1007/s12555-012-9223-0

\bibitem[Leordeanu and Hebert(2005)]{leordeau}
M. Leordeanu and M. Hebert, ``A spectral technique for correspondence problems using pairwise constraints", Tenth IEEE International Conference on Computer Vision (ICCV'05) Volume 1, Beijing, 2005, pp. 1482-1489 Vol. 2.
doi: 10.1109/ICCV.2005.20

\bibitem[Gutmann and Konolige(1999)]{am_odom_1}
  J. -. Gutmann and K. Konolige, ``Incremental mapping of large cyclic environments" Proceedings 1999 IEEE International Symposium on Computational Intelligence in Robotics and Automation. CIRA'99 (Cat. No.99EX375), Monterey, CA, USA, 1999, pp. 318-325.  doi: 10.1109/CIRA.1999.810068

\bibitem[Hahnel, Burgard, Fox and Thrun(2003)]{am_odom_2}
  D. Hahnel, W. Burgard, D. Fox and S. Thrun, ``An efficient fastSLAM algorithm for generating maps of large-scale cyclic environments from raw laser range measurements," Proceedings 2003 IEEE/RSJ International Conference on Intelligent Robots and Systems (IROS 2003) (Cat. No.03CH37453), Las Vegas, NV, USA, 2003, pp. 206-211 vol.1.
doi: 10.1109/IROS.2003.1250629

\bibitem[Wang, Thorpe and Thrun(2003)]{am_odom_3}
  Chieh-Chih Wang, C. Thorpe and S. Thrun, ``Online simultaneous localization and mapping with detection and tracking of moving objects: theory and results from a ground vehicle in crowded urban areas," 2003 IEEE International Conference on Robotics and Automation (Cat. No.03CH37422), Taipei, Taiwan, 2003, pp. 842-849 vol.1.  doi: 10.1109/ROBOT.2003.1241698

\bibitem[Lacroix, Mallet, Bonnafous, Bauzil, Fleury, Herrb, and Chatila(2002)]{am_odom_4}
  Lacroix, S., Mallet, A., Bonnafous, D., Bauzil, G., Fleury, S., Herrb, M., and Chatila, R. (2002). ``Autonomous Rover Navigation on Unknown Terrains: Functions and Integration". The International Journal of Robotics Research, 21(10–11), 917–942. https://doi.org/10.1177/0278364902021010841

\bibitem[Minguez, Montesano, and Montano(2004)]{am_odom_5}
  Minguez, J., Montesano, L., anc Montano, L. (2004). ``An architecture for sensor-based navigation in realistic dynamic and troublesome scenarios". 2004 IEEE/RSJ International Conference on Intelligent Robots and Systems (IROS) (IEEE Cat. No.04CH37566), 3, 2750-2756 vol.3.

\bibitem[Montesano, Minguez and Montano(2008)]{am_odom_6}
  Montesano, Luis, Minguez, Javier and Montano, Luis, ``Modeling dynamic scenarios for local sensor-based motion planning", Autonomous Robots, 2008, Volume 25, pp 231-251.

\bibitem[Schulz, Burgard, Fox and Cremers(2001)]{am_odom_7}
  D. Schulz, W. Burgard, D. Fox and A. B. Cremers, ``Tracking multiple moving targets with a mobile robot using particle filters and statistical data association", Proceedings 2001 ICRA. IEEE International Conference on Robotics and Automation (Cat. No.01CH37164), Seoul, South Korea, 2001, pp. 1665-1670 vol.2. doi: 10.1109/ROBOT.2001.932850

\bibitem[Sandberg, Wolff and Wahde(2009)]{Chalmers}
  Sandberg, David and Wolff, Krister and Wahde, Mattias, ``A Robot Localization Method Based on Laser Scan Matching", Advances in Robotics, 2009, Springer Berlin Heidelberg, pp. 171--178, isbn 978-3-642-03983-6

\bibitem[Peng, Zheng, Lu, Liao, Hu, Zhang and He(2018)]{gangpeng}
  Gang Peng, Wei Zheng, Zezao Lu, Jinhu Liao, Lu Hu, Gongyue Zhang, and Dingxin He, ``An Improved AMCL Algorithm Based on Laser Scanning Match in a Complex and Unstructured Environment", Complexity, Volume 2018, Article ID 2327637, 11 pages, 2018, https://doi.org/10.1155/2018/2327637.

\bibitem[Lingemann, Nüchter, Hertzberg and Surmann(2005)]{hayai}
  Lingemann, Kai, Andreas Nüchter, Joachim Hertzberg and Hartmut Surmann. “High-speed laser localization for mobile robots.” Robotics and Autonomous Systems 51 (2005): 275-296.

\bibitem[Diosi(2011)]{mappino}
A Diosi, " Mappino-Open Source Robot for Learning about IR Range Scan Matching", International Conference on Robotics in Education (RiE 2011)

\bibitem[Khalil(1996)]{khalil}
  H. Khalil, Noninear Systems,1996, Prentice-Hall, New Jersey

\bibitem[Cruz-Hernández, Alvarez-Gallegos and Castro-Linares(1999)]{stability}
C. Cruz-Hernández, J. Alvarez-Gallegos and R. Castro-Linares, "Stability of discrete nonlinear systems under novanishing pertuabations: application to a nonlinear model-matching problem," in IMA Journal of Mathematical Control and Information, vol. 16, no. 1, pp. 23-41, March 1999.
doi: 10.1093/imamci/16.1.23

\bibitem[Lu and Milios(1994)]{idc}
Feng Lu and Milios, "Robot pose estimation in unknown environments by matching 2D range scans," 1994 Proceedings of IEEE Conference on Computer Vision and Pattern Recognition, Seattle, WA, USA, 1994, pp. 935-938.

\bibitem[Dogan, Bernal, and Hagwood(2015)]{dbh}
Gunay Dogan, Javier Bernal, Charles R. Hagwood, ``FFT-based Alignment of 2d Closed Curves with Application to Elastic Shape Analysis", Proceedings of the 1st International Workshop on DIFFerential Geometry in Computer Vision for Analysis of Shapes, Images and Trajectories, 2015

\bibitem[Golub and Reinsch(1971)]{svd}
Golub G.H., Reinsch C. (1971), ``Singular Value Decomposition and Least Squares Solutions". In: Bauer F.L. (eds) Linear Algebra. Handbook for Automatic Computation, vol 2. Springer, Berlin, Heidelberg
