\bibitem{bible}
  Sebastian Thrun, Wolfram Burgard, and Dieter Fox, ``Probabilistic Robotics" (Intelligent Robotics and Autonomous Agents), The MIT Press, 2005

%%%%%%%%%%%%%%%%%%%%%%%%%%%%%%%%%%%%%%%%%%%%%%%%%%%%%%%%%%%%%%%%%%%%%%%%%%%%%%%%
% BIBLIOGRAPHY CONCERNING SCAN-MATCHING METHODS IN PRELIMINARIES
%%%%%%%%%%%%%%%%%%%%%%%%%%%%%%%%%%%%%%%%%%%%%%%%%%%%%%%%%%%%%%%%%%%%%%%%%%%%%%%%

\bibitem{ICP}
  P. J. Besl and N. D. McKay, ``A method for registration of 3-D shapes", IEEE Transactions on Pattern Analysis and Machine Intelligence, 1992, volume 14, number 2, pp. 239-256, doi 10.1109/34.121791, ISSN 0162-8828

\bibitem{mbicp}
  J. Minguez, F. Lamiraux and L. Montesano, ``Metric-Based Scan Matching Algorithms for Mobile Robot Displacement Estimation," Proceedings of the 2005 IEEE International Conference on Robotics and Automation, Barcelona, Spain, 2005, pp. 3557-3563,  doi: 10.1109/ROBOT.2005.1570661

\bibitem{plicp}
  A. Censi, ``An ICP variant using a point-to-line metric," 2008 IEEE International Conference on Robotics and Automation, Pasadena, CA, 2008, pp. 19-25,  doi: 10.1109/ROBOT.2008.4543181.

\bibitem{ICP_var_1}
  Wang, J. Zhao, M. Chen, W. ``MIM-SLAM: A Multi-Level ICP Matching Method for Mobile Robot in Large-Scale and Sparse Scenes". Appl. Sci. 2018, 8, 2432.

\bibitem{ICP_var_2}
  Tian, Yingzhong; Liu, Xining; Li, Long; Wang, Wenbin. 2019. ``Intensity-Assisted ICP for Fast Registration of 2D-LIDAR" Sensors 19, no. 9: 2124.

\bibitem{ICP_var_3}
  Naus, Krzysztof; Marchel, Łukasz. 2019. ``Use of a Weighted ICP Algorithm to Precisely Determine USV Movement Parameters" Appl. Sci. 9, no. 17: 3530.

\bibitem{ICP_var_4}
  Linh Tao, Tam Bui, Toshio Ito, ``MODIFIED ITERATIVE CLOSEST POINT MATCHING FOR 2D LIDAR LASER DATA", 14th South East Asian Technical University Consortium 2020 (SEATUC 2020) 27th – 28th February 2020, KX Building, KMUTT, Bangkok, Thailand

\bibitem{ICP_var_5}
  Huchao Xu, Letao Zhou, Yinghao Zhao, Zheng Yuan, `` A Two-Dimensional Point Cloud Matching Method Based on ICP Improvement", China Satellite Navigation Conference (CSNC) 2020 Proceedings: Volume I pp 390-398

\bibitem{ndt1}
  P. Biber and W. Strasser, ``The normal distributions transform: a new approach to laser scan matching," Proceedings 2003 IEEE/RSJ International Conference on Intelligent Robots and Systems (IROS 2003) (Cat. No.03CH37453), Las Vegas, NV, USA, 2003, pp. 2743-2748 vol.3, doi: 10.1109/IROS.2003.1249285.

\bibitem{lidar}
Cooper, M.A.; Raquet, J.F.; Patton, R. Range Information Characterization of the Hokuyo UST-20LX LIDAR Sensor. Photonics 2018, 5, 12.

\bibitem{am_odom_1}
  J. -. Gutmann and K. Konolige, ``Incremental mapping of large cyclic environments" Proceedings 1999 IEEE International Symposium on Computational Intelligence in Robotics and Automation. CIRA'99 (Cat. No.99EX375), Monterey, CA, USA, 1999, pp. 318-325.  doi: 10.1109/CIRA.1999.810068

\bibitem{am_odom_2}
  D. Hahnel, W. Burgard, D. Fox and S. Thrun, ``An efficient fastSLAM algorithm for generating maps of large-scale cyclic environments from raw laser range measurements," Proceedings 2003 IEEE/RSJ International Conference on Intelligent Robots and Systems (IROS 2003) (Cat. No.03CH37453), Las Vegas, NV, USA, 2003, pp. 206-211 vol.1.
doi: 10.1109/IROS.2003.1250629

\bibitem{am_odom_3}
  Chieh-Chih Wang, C. Thorpe and S. Thrun, ``Online simultaneous localization and mapping with detection and tracking of moving objects: theory and results from a ground vehicle in crowded urban areas," 2003 IEEE International Conference on Robotics and Automation (Cat. No.03CH37422), Taipei, Taiwan, 2003, pp. 842-849 vol.1.  doi: 10.1109/ROBOT.2003.1241698

\bibitem{am_odom_4}
  Lacroix, S., Mallet, A., Bonnafous, D., Bauzil, G., Fleury, S., Herrb, M., and Chatila, R. (2002). ``Autonomous Rover Navigation on Unknown Terrains: Functions and Integration". The International Journal of Robotics Research, 21(10–11), 917–942. https://doi.org/10.1177/0278364902021010841

\bibitem{am_odom_5}
  Minguez, J., Montesano, L., anc Montano, L. (2004). ``An architecture for sensor-based navigation in realistic dynamic and troublesome scenarios". 2004 IEEE/RSJ International Conference on Intelligent Robots and Systems (IROS) (IEEE Cat. No.04CH37566), 3, 2750-2756 vol.3.

\bibitem{am_odom_6}
  Montesano, Luis, Minguez, Javier and Montano, Luis, ``Modeling dynamic scenarios for local sensor-based motion planning", Autonomous Robots, 2008, Volume 25, pp 231-251.

\bibitem{am_odom_7}
  D. Schulz, W. Burgard, D. Fox and A. B. Cremers, ``Tracking multiple moving targets with a mobile robot using particle filters and statistical data association", Proceedings 2001 ICRA. IEEE International Conference on Robotics and Automation (Cat. No.01CH37164), Seoul, South Korea, 2001, pp. 1665-1670 vol.2. doi: 10.1109/ROBOT.2001.932850


\bibitem{leordeau}
M. Leordeanu and M. Hebert, ``A spectral technique for correspondence problems using pairwise constraints", Tenth IEEE International Conference on Computer Vision (ICCV'05) Volume 1, Beijing, 2005, pp. 1482-1489 Vol. 2.
doi: 10.1109/ICCV.2005.20

\bibitem{pose_selection}
  Filotheou, A., Tsardoulias, E., Dimitriou, A. et al. ``Pose Selection and Feedback Methods in Tandem Combinations of Particle Filters with Scan-Matching for 2D Mobile Robot Localisation". J Intell Robot Syst 100, 925–944 (2020). https://doi.org/10.1007/s10846-020-01253-6

\bibitem{idc}
Feng Lu and Milios, "Robot pose estimation in unknown environments by matching 2D range scans," 1994 Proceedings of IEEE Conference on Computer Vision and Pattern Recognition, Seattle, WA, USA, 1994, pp. 935-938.
\bibitem{gpm}
  A. Censi, ``Scan matching in a probabilistic framework," Proceedings 2006 IEEE International Conference on Robotics and Automation, 2006. ICRA 2006., Orlando, FL, 2006, pp. 2291-2296, doi: 10.1109/ROBOT.2006.1642044.

\bibitem{fmt2d}
  Qin-Sheng Chen, M. Defrise and F. Deconinck, ``Symmetric phase-only matched filtering of Fourier-Mellin transforms for image registration and recognition," in IEEE Transactions on Pattern Analysis and Machine Intelligence, vol. 16, no. 12, pp. 1156-1168, Dec. 1994, doi: 10.1109/34.387491.

\bibitem{olson}
  E. B. Olson, ``Real-time correlative scan matching," 2009 IEEE International Conference on Robotics and Automation, Kobe, Japan, 2009, pp. 4387-4393, doi: 10.1109/ROBOT.2009.5152375.

\bibitem{dataset_link}
The dataset is available at \url{https://censi.science/pub/research/2007-plicp/laserazosSM3.log.gz}, last accessed 24 Mar 2021

\bibitem{velodyne_datasheet}
  VELODYNE sensors' datasheet \url{https://visimind.com/wp-content/uploads/2018/12/LiDAR-Product-Brochure.pdf}, last accessed 24 Mar 2021
\bibitem{a2m8_datasheet}
  RPLIDAR A2M8 datasheet \url{https://cdn.sparkfun.com/assets/e/a/f/9/8/LD208_SLAMTEC_rplidar_datasheet_A2M8_v1.0_en.pdf}, last accessed 24 Mar 2021
\bibitem{g4_datasheet}
  YDLIDAR G4 datasheet \url{https://www.ydlidar.com/Public/upload/files/2020-10-29/YDLIDAR%20G4%20Datasheet.pdf}, last accessed 24 Mar 2021
\bibitem{tg30_datasheet}
  YDLIDAR TG30 datasheet \url{https://www.ydlidar.com/Public/upload/files/2020-10-13/YDLIDAR%20TG30%20Data%20sheet.pdf}, last accessed 24 Mar 2021
\bibitem{x4_datasheet}
  YDLIDAR X4 datasheet \url{https://www.ydlidar.com/Public/upload/files/2020-04-13/YDLIDAR%20X4%20Datasheet.pdf}, last accessed 24 Mar 2021

\bibitem{csm_implementation}
 \url{https://github.com/AndreaCensi/csm}, last accessed 24 Mar 2021
\bibitem{ndt_implementation}
 \url{https://github.com/PointCloudLibrary/pcl/blob/master/registration/include/pcl/registration/impl/ndt.hpp}, last accessed 24 Mar 2021


\bibitem{icp_comp_trade}
  F.A. Donoso, K.J. Austin, P.R. McAree, ``How do ICP variants perform when used for scan matching terrain point clouds?," Robotics and Autonomous Systems, Volume 87, 2017, Pages 147-161, ISSN 0921-8890,
https://doi.org/10.1016/j.robot.2016.10.011.
