@inproceedings{Ju2019,
author = {Ju, Xiaoliang and Xu, Donghao and Zhao, Xijun and Yao, Wen and Zhao, Huijing},
booktitle = {2019 IEEE Intelligent Vehicles Symposium (IV)},
doi = {10.1109/IVS.2019.8813840},
isbn = {978-1-7281-0560-4},
month = {jun},
pages = {1789--1796},
publisher = {IEEE},
title = {{Learning Scene Adaptive Covariance Error Model of LiDAR Scan Matching for Fusion Based Localization}},
year = {2019}
}
@inproceedings{Kumar2018,
author = {Kumar, Neerendra and Vamossy, Zoltan},
booktitle = {2018 IEEE 12th International Symposium on Applied Computational Intelligence and Informatics (SACI)},
doi = {10.1109/SACI.2018.8440969},
isbn = {978-1-5386-4640-3},
month = {may},
pages = {000241--000246},
publisher = {IEEE},
title = {{Laser Scan Matching in Robot Navigation}},
year = {2018}
}
@inproceedings{Zhang2019,
author = {Zhang, Hongkai and Chen, Niansheng and Fan, Guangyu and Yang, Dingyu},
booktitle = {2019 6th International Conference on Systems and Informatics (ICSAI)},
doi = {10.1109/ICSAI48974.2019.9010259},
isbn = {978-1-7281-5256-1},
month = {nov},
pages = {160--164},
publisher = {IEEE},
title = {{An improved scan matching algorithm in SLAM}},
year = {2019}
}
@inproceedings{Pedrosa2020,
author = {Pedrosa, Eurico and Pereira, Artur and Lau, Nuno},
booktitle = {2020 IEEE International Conference on Autonomous Robot Systems and Competitions (ICARSC)},
doi = {10.1109/ICARSC49921.2020.9096191},
isbn = {978-1-7281-7078-7},
month = {apr},
pages = {194--199},
publisher = {IEEE},
title = {{Fast Grid SLAM Based on Particle Filter with Scan Matching and Multithreading}},
year = {2020}
}
@inproceedings{Olson2009,
author = {Olson, E.B.},
booktitle = {2009 IEEE International Conference on Robotics and Automation},
doi = {10.1109/ROBOT.2009.5152375},
isbn = {978-1-4244-2788-8},
month = {may},
pages = {4387--4393},
publisher = {IEEE},
title = {{Real-time correlative scan matching}},
year = {2009}
}
@inproceedings{Zhang2020,
author = {Zhang, Shuaipeng and Xiao, Liang and Nie, Yiming and Dai, Bin and Hu, Chaofang},
booktitle = {2020 39th Chinese Control Conference (CCC)},
doi = {10.23919/CCC50068.2020.9188810},
isbn = {978-9-8815-6390-3},
month = {jul},
pages = {3966--3971},
publisher = {IEEE},
title = {{Lidar Odometry and Mapping Based on Two-stage Feature Extraction}},
year = {2020}
}
@article{Cooper2018b,
author = {Cooper, Matthew and Raquet, John and Patton, Rick},
doi = {10.3390/photonics5020012},
issn = {2304-6732},
journal = {Photonics},
month = {may},
number = {2},
pages = {12},
title = {{Range Information Characterization of the Hokuyo UST-20LX LIDAR Sensor}},
volume = {5},
year = {2018}
}
@inproceedings{FengLu1994,
author = {{Feng Lu} and Milios},
booktitle = {Proceedings of IEEE Conference on Computer Vision and Pattern Recognition CVPR-94},
doi = {10.1109/CVPR.1994.323928},
isbn = {0-8186-5825-8},
pages = {935--938},
publisher = {IEEE Comput. Soc. Press},
title = {{Robot pose estimation in unknown environments by matching 2D range scans}},
year = {1994}
}
@article{Besl1992b,
author = {Besl, P.J. and McKay, Neil D.},
doi = {10.1109/34.121791},
issn = {0162-8828},
journal = {IEEE Transactions on Pattern Analysis and Machine Intelligence},
month = {feb},
number = {2},
pages = {239--256},
title = {{A method for registration of 3-D shapes}},
volume = {14},
year = {1992}
}
@inproceedings{Pfister,
author = {Pfister, S.T. and Kriechbaum, K.L. and Roumeliotis, S.I. and Burdick, J.W.},
booktitle = {Proceedings 2002 IEEE International Conference on Robotics and Automation (Cat. No.02CH37292)},
doi = {10.1109/ROBOT.2002.1014782},
isbn = {0-7803-7272-7},
pages = {1667--1674},
publisher = {IEEE},
title = {{Weighted range sensor matching algorithms for mobile robot displacement estimation}},
volume = {2}
}
@inproceedings{Chetverikov,
author = {Chetverikov, D. and Svirko, D. and Stepanov, D. and Krsek, P.},
booktitle = {Object recognition supported by user interaction for service robots},
doi = {10.1109/ICPR.2002.1047997},
isbn = {0-7695-1695-X},
pages = {545--548},
publisher = {IEEE Comput. Soc},
title = {{The Trimmed Iterative Closest Point algorithm}},
volume = {3}
}
@inproceedings{Censi2008b,
author = {Censi, Andrea},
booktitle = {2008 IEEE International Conference on Robotics and Automation},
doi = {10.1109/ROBOT.2008.4543181},
isbn = {978-1-4244-1646-2},
month = {may},
pages = {19--25},
publisher = {IEEE},
title = {{An ICP variant using a point-to-line metric}},
year = {2008}
}
@inproceedings{Segal2009,
author = {Segal, A. and Haehnel, D. and Thrun, S.},
booktitle = {Robotics: Science and Systems V},
doi = {10.15607/RSS.2009.V.021},
isbn = {9780262514637},
month = {jun},
publisher = {Robotics: Science and Systems Foundation},
title = {{Generalized-ICP}},
year = {2009}
}
@article{Wang2018a,
author = {Wang, Jingchuan and Zhao, Ming and Chen, Weidong},
doi = {10.3390/app8122432},
issn = {2076-3417},
journal = {Applied Sciences},
month = {nov},
number = {12},
pages = {2432},
title = {{MIM{\_}SLAM: A Multi-Level ICP Matching Method for Mobile Robot in Large-Scale and Sparse Scenes}},
volume = {8},
year = {2018}
}
@article{Tian2019a,
author = {Tian, Yingzhong and Liu, Xining and Li, Long and Wang, Wenbin},
doi = {10.3390/s19092124},
issn = {1424-8220},
journal = {Sensors},
month = {may},
number = {9},
pages = {2124},
title = {{Intensity-Assisted ICP for Fast Registration of 2D-LIDAR}},
volume = {19},
year = {2019}
}
@article{Marchel2020,
author = {Marchel, {\L}ukasz and Specht, Cezary and Specht, Mariusz},
doi = {10.3390/en13225939},
issn = {1996-1073},
journal = {Energies},
month = {nov},
number = {22},
pages = {5939},
title = {{Testing the Accuracy of the Modified ICP Algorithm with Multimodal Weighting Factors}},
volume = {13},
year = {2020}
}
@inproceedings{Koide2021,
author = {Koide, Kenji and Yokozuka, Masashi and Oishi, Shuji and Banno, Atsuhiko},
booktitle = {2021 IEEE International Conference on Robotics and Automation (ICRA)},
doi = {10.1109/ICRA48506.2021.9560835},
isbn = {978-1-7281-9077-8},
month = {may},
pages = {11054--11059},
publisher = {IEEE},
title = {{Voxelized GICP for Fast and Accurate 3D Point Cloud Registration}},
year = {2021}
}
@article{Donoso2017a,
author = {Donoso, F.A. and Austin, K.J. and McAree, P.R.},
doi = {10.1016/j.robot.2016.10.011},
issn = {09218890},
journal = {Robotics and Autonomous Systems},
month = {jan},
pages = {147--161},
title = {{How do ICP variants perform when used for scan matching terrain point clouds?}},
volume = {87},
year = {2017}
}
@article{Filotheou2020a,
author = {Filotheou, Alexandros and Tsardoulias, Emmanouil and Dimitriou, Antonis and Symeonidis, Andreas and Petrou, Loukas},
doi = {10.1007/s10846-020-01253-6},
issn = {0921-0296},
journal = {Journal of Intelligent {\&} Robotic Systems},
month = {dec},
number = {3-4},
pages = {925--944},
title = {{Pose Selection and Feedback Methods in Tandem Combinations of Particle Filters with Scan-Matching for 2D Mobile Robot Localisation}},
volume = {100},
year = {2020}
}
@inproceedings{Yu2018,
author = {Yu, Heng and Zeng, Yadan and Dai, Houde},
booktitle = {2018 IEEE International Conference on Information and Automation (ICIA)},
doi = {10.1109/ICInfA.2018.8812336},
isbn = {978-1-5386-8069-8},
month = {aug},
pages = {391--394},
publisher = {IEEE},
title = {{A Novel Scan Matching Method for Mobile Robot Based on Phase Only Matched Filtering *}},
year = {2018}
}
@article{Jiang2018,
author = {Jiang, Guolai and Yin, Lei and Liu, Guodong and Xi, Weina and Ou, Yongsheng},
doi = {10.3390/app9010041},
issn = {2076-3417},
journal = {Applied Sciences},
month = {dec},
number = {1},
pages = {41},
title = {{FFT-Based Scan-Matching for SLAM Applications with Low-Cost Laser Range Finders}},
volume = {9},
year = {2018}
}
@article{Qin-ShengChen1994,
author = {{Qin-Sheng Chen} and Defrise, M. and Deconinck, F.},
doi = {10.1109/34.387491},
issn = {01628828},
journal = {IEEE Transactions on Pattern Analysis and Machine Intelligence},
number = {12},
pages = {1156--1168},
title = {{Symmetric phase-only matched filtering of Fourier-Mellin transforms for image registration and recognition}},
volume = {16},
year = {1994}
}
@article{Filotheou2022,
author = {Filotheou, Alexandros},
doi = {10.1016/j.robot.2021.103957},
issn = {09218890},
journal = {Robotics and Autonomous Systems},
month = {mar},
pages = {103957},
title = {{Correspondenceless scan-to-map-scan matching of homoriented 2D scans for mobile robot localisation}},
volume = {149},
year = {2022}
}
@url{datasets_link,
title = {{The datasets are available at}},
url = {http://ais.informatik.uni-freiburg.de/slamevaluation/datasets.php}
}
@inproceedings{Biber,
author = {Biber, P. and Strasser, W.},
booktitle = {Proceedings 2003 IEEE/RSJ International Conference on Intelligent Robots and Systems (IROS 2003) (Cat. No.03CH37453)},
doi = {10.1109/IROS.2003.1249285},
isbn = {0-7803-7860-1},
pages = {2743--2748},
publisher = {IEEE},
title = {{The normal distributions transform: a new approach to laser scan matching}},
volume = {3}
}
@inproceedings{Xu2018a,
author = {Xu, Pei and Gu, Feifei and Song, Zhan and Li, Jun},
booktitle = {2018 24th International Conference on Pattern Recognition (ICPR)},
doi = {10.1109/ICPR.2018.8545473},
isbn = {978-1-5386-3788-3},
month = {aug},
pages = {2428--2432},
publisher = {IEEE},
title = {{Non-iterative multiple data registration method based on the motion screw theory and trackable features}},
year = {2018}
}
@article{Sobreira2019a,
author = {Sobreira, H{\'{e}}ber and Costa, Carlos M. and Sousa, Ivo and Rocha, Luis and Lima, Jos{\'{e}} and Farias, P. C. M. A. and Costa, Paulo and Moreira, A. Paulo},
doi = {10.1007/s10846-017-0765-5},
issn = {0921-0296},
journal = {Journal of Intelligent {\&} Robotic Systems},
month = {mar},
number = {3-4},
pages = {533--546},
title = {{Map-Matching Algorithms for Robot Self-Localization: A Comparison Between Perfect Match, Iterative Closest Point and Normal Distributions Transform}},
volume = {93},
year = {2019}
}
@inproceedings{Pishehvari2019a,
author = {Pishehvari, Ahmad and Iurgel, Uri and Lessmann, Stephanie and Roese-Koerner, Lutz and Tibken, Bernd},
booktitle = {2019 Third IEEE International Conference on Robotic Computing (IRC)},
doi = {10.1109/IRC.2019.00038},
isbn = {978-1-5386-9245-5},
month = {feb},
pages = {204--211},
publisher = {IEEE},
title = {{Radar Scan Matching Using Navigation Maps}},
year = {2019}
}
@inproceedings{Qingshan2019a,
author = {Qingshan, Wang and Jun, Zhang},
booktitle = {2019 15th International Conference on Computational Intelligence and Security (CIS)},
doi = {10.1109/CIS.2019.00036},
isbn = {978-1-7281-6092-4},
month = {dec},
pages = {132--136},
publisher = {IEEE},
title = {{Point Cloud Registration Algorithm Based on Combination of NDT and PLICP}},
year = {2019}
}
@inproceedings{Pham2021a,
author = {Pham, Quang-Ha and Tran, Ngoc-Huy and Nguyen, Thanh-Toan and Tran, Thien-Phuc},
booktitle = {2021 International Symposium on Electrical and Electronics Engineering (ISEE)},
doi = {10.1109/ISEE51682.2021.9418728},
isbn = {978-1-6654-1487-6},
month = {apr},
pages = {172--177},
publisher = {IEEE},
title = {{Online Robust Sliding-Windowed LiDAR SLAM in Natural Environments}},
year = {2021}
}
@inproceedings{Bouraine2020,
author = {Bouraine, Sara and Bougouffa, Abdelhak and Azouaoui, Ouahiba},
booktitle = {2020 16th International Conference on Control, Automation, Robotics and Vision (ICARCV)},
doi = {10.1109/ICARCV50220.2020.9305519},
isbn = {978-1-7281-7709-0},
month = {dec},
pages = {321--326},
publisher = {IEEE},
title = {{NDT-PSO, a New NDT based SLAM Approach using Particle Swarm Optimization}},
year = {2020}
}
@url{velodyne_datasheet,
title = {{VELODYNE sensors' datasheet}},
url = {https://visimind.com/wp-content/uploads/2018/12/LiDAR-Product-Brochure.pdf}
}
@url{a2m8_datasheet,
title = {{RPLIDAR A2M8 datasheet}},
url = {https://cdn.sparkfun.com/assets/e/a/f/9/8/LD208_SLAMTEC_rplidar_datasheet_A2M8_v1.0_en.pdf}
}
@url{ydlidar_datasheets,
title = {{YDLIDAR sensors' datasheets}},
url = {https://www.manualshelf.com/brand/ydlidar}
}
@url{implementations,
title = {{Link to repositories for implementation of PLICP, NDT, FastGICP, FastVGICP, and NDT-PSO}},
url = {https://gist.github.com/li9i/c159e282ce5a5ef34500b26c34499c08}
}
